/Users/geoff/MyDocuments/Research/Bibliography.bib